<?xml version="1.0" encoding="UTF-8"?>
<record xmlns="http://www.loc.gov/MARC21/slim">
   <leader>00759cam a22002051a 4500</leader>
   <controlfield tag="001">3203064</controlfield>
   <controlfield tag="003">NjP</controlfield>
   <controlfield tag="005">20171214170412.0</controlfield>
   <controlfield tag="008">950629m19181922ua            000 0 ara d</controlfield>
   <datafield tag="024" ind1="7" ind2=" ">
      <subfield code="a">princeton_aco004338</subfield>
      <subfield code="2">local</subfield>
   </datafield>
   <datafield ind1=" " ind2=" " tag="035">
      <subfield code="a">(OCoLC)123312527</subfield>
   </datafield>
   <datafield ind1=" " ind2=" " tag="035">
      <subfield code="a">(MH)MHBJC37595HU</subfield>
   </datafield>
   <datafield ind1=" " ind2=" " tag="035">
      <subfield code="a">(CStRLIN)MAHGBJC37595-B</subfield>
   </datafield>
   <datafield ind1=" " ind2=" " tag="035">
      <subfield code="a">57884</subfield>
   </datafield>
   <datafield ind1=" " ind2=" " tag="040">
      <subfield code="a">MH</subfield>
      <subfield code="c">MH</subfield>
      <subfield code="d">CStRLIN</subfield>
      <subfield code="d">NjP</subfield>
   </datafield>
   <datafield ind1="1" ind2=" " tag="100">
      <subfield code="a">Qalqashandī, Aḥmad ibn ʻAlī,</subfield>
      <subfield code="d">1355 or 1356-1418.</subfield>
      <subfield code="0">http://id.loc.gov/authorities/names/n82130725</subfield>
   </datafield>
   <datafield ind1="1" ind2="0" tag="240">
      <subfield code="a">Ṣubḥ al-aʻshá</subfield>
   </datafield>
   <datafield ind1="1" ind2="0" tag="245">
      <subfield code="a">Kitāb Ṣubḥ al-aʻshá /</subfield>
      <subfield code="c">taʼlīf Abī al-ʻAbbās Aḥmad al-Qalqashandī.</subfield>
   </datafield>
   <datafield ind1=" " ind2=" " tag="260">
      <subfield code="a">al-Qāhirah :</subfield>
      <subfield code="b">Maṭbaʻat Dār al-Kutub al-Miṣrīyah,</subfield>
      <subfield code="c">1914-1922.</subfield>
   </datafield>
   <datafield ind1=" " ind2=" " tag="300">
      <subfield code="a">14 v. ;</subfield>
      <subfield code="c">27 cm.</subfield>
   </datafield>
   <datafield ind1="4" ind2=" " tag="856">
      <subfield code="u">http://catalog.hathitrust.org/Record/008881746</subfield>
   </datafield>
   <datafield ind1=" " ind2=" " tag="902">
      <subfield code="a">jab/con</subfield>
   </datafield>
   <datafield ind1="8" ind2=" " tag="852">
      <subfield code="0">3652203</subfield>
      <subfield code="b">rcppa</subfield>
      <subfield code="h">2272.8.389</subfield>
      <subfield code="x">tr fr f</subfield>
   </datafield>
   <datafield ind1=" " ind2="0" tag="866">
      <subfield code="0">3652203</subfield>
      <subfield code="x">DESIGNATOR: juzʾ</subfield>
   </datafield>
   <datafield ind1=" " ind2="0" tag="866">
      <subfield code="0">3652203</subfield>
      <subfield code="a">Juzʾ 1-juzʾ 14, index</subfield>
   </datafield>
   <datafield ind1="8" ind2=" " tag="852">
      <subfield code="0">8775976</subfield>
      <subfield code="b">elf1</subfield>
      <subfield code="h">Electronic Resource</subfield>
   </datafield>
   <datafield ind1=" " ind2=" " tag="959">
      <subfield code="a">2000-07-03 13:24:38 -0500</subfield>
   </datafield>
</record>
